<?xml version="1.0" encoding="UTF-8"?>
<collection xmlns:xsi="http://www.w3.org/2001/XMLSchema-instance" xsi:schemaLocation="http://www.loc.gov/MARC21/slim http://www.loc.gov/standards/marcxml/schema/MARC21slim.xsd" xmlns="http://www.loc.gov/MARC21/slim">
<record>
  <leader>01356cam a2200313   4500</leader>
  <controlfield tag="001">2826659</controlfield>
  <controlfield tag="003">NNC</controlfield>
  <controlfield tag="005">20150920222906.0</controlfield>
  <controlfield tag="008">830418s1969    iq afh        000 0bara  </controlfield>
  <datafield tag="010" ind1=" " ind2=" ">
    <subfield code="a">   77255835 </subfield>
  </datafield>
  <datafield tag="035" ind1=" " ind2=" ">
    <subfield code="a">(OCoLC)ocm09420145</subfield>
  </datafield>
  <datafield tag="035" ind1=" " ind2=" ">
    <subfield code="9">ARU8044CU</subfield>
  </datafield>
  <datafield tag="035" ind1=" " ind2=" ">
    <subfield code="a">(NNC)2826659</subfield>
  </datafield>
  <datafield tag="040" ind1=" " ind2=" ">
    <subfield code="a">DLC</subfield>
    <subfield code="c">TKN</subfield>
    <subfield code="d">TKN</subfield>
    <subfield code="d">ZCU</subfield>
  </datafield>
  <datafield tag="050" ind1="0" ind2=" ">
    <subfield code="a">PK6451.F4</subfield>
    <subfield code="b">M2836</subfield>
  </datafield>
  <datafield tag="090" ind1=" " ind2=" ">
    <subfield code="a">PK6451.F4</subfield>
    <subfield code="b">M337</subfield>
  </datafield>
  <datafield tag="100" ind1="1" ind2=" ">
    <subfield code="a">Qaysī, Aḥmad Nājī,</subfield>
    <subfield code="d">1919-</subfield>
  </datafield>
  <datafield tag="245" ind1="1" ind2="0">
    <subfield code="a">Aṭṭārnāmah,</subfield>
    <subfield code="b">Aw Kitāb Farīd al-Dīn al-Aṭṭār al-Naysābūrī wa Kitābuh "Mantiq al-Tayr"</subfield>
    <subfield code="c">[tālīf] Ahmad Nājī al-Qaysī.</subfield>
  </datafield>
  <datafield tag="250" ind1=" " ind2=" ">
    <subfield code="a">al-Tabʻah 1.</subfield>
  </datafield>
  <datafield tag="260" ind1=" " ind2=" ">
    <subfield code="a">Baghdād,</subfield>
    <subfield code="b">Maktabat al-Muthannā</subfield>
    <subfield code="c">[1969]</subfield>
  </datafield>
  <datafield tag="300" ind1=" " ind2=" ">
    <subfield code="a">2 v. in 1 (25,992p.)</subfield>
    <subfield code="b">illus.,facsims.,plates.</subfield>
    <subfield code="c">26 cm.</subfield>
  </datafield>
  <datafield tag="500" ind1=" " ind2=" ">
    <subfield code="a">Added t.p.: Attar nameh, a study of [sic] Farid al-Dīn al-Attar al-Naysoburī and his book : Mantiq al-tair, by A.N. al-Qaisi.</subfield>
  </datafield>
  <datafield tag="500" ind1=" " ind2=" ">
    <subfield code="a">Risalat al-Duktūrah - Jāmiʻat al-Qāhirah.</subfield>
  </datafield>
  <datafield tag="500" ind1=" " ind2=" ">
    <subfield code="a">Includes abridged translation of Manṭiq al-Ṭayr.</subfield>
  </datafield>
  <datafield tag="504" ind1=" " ind2=" ">
    <subfield code="a">Bibliographical footnotes.</subfield>
  </datafield>
  <datafield tag="600" ind1="1" ind2="0">
    <subfield code="a">ʻAṭṭār, Farīd al-Dīn,</subfield>
    <subfield code="d">-approximately 1230.</subfield>
    <subfield code="t">Manṭiq al-ṭayr.</subfield>
  </datafield>
  <datafield tag="700" ind1="1" ind2=" ">
    <subfield code="a">ʻAṭṭār, Farīd al-Dīn,</subfield>
    <subfield code="d">-approximately 1230.</subfield>
    <subfield code="t">Manṭiq al-ṭayr.</subfield>
  </datafield>
  <datafield tag="740" ind1="0" ind2=" ">
    <subfield code="a">Kitāb Farīd al-Dīn al-ʻAṭṭār al-Nīsābūrī.</subfield>
  </datafield>
  <datafield tag="955" ind1=" " ind2=" ">
    <subfield code="b">0036762229</subfield>
    <subfield code="d">glx</subfield>
    <subfield code="e">PK6451.F4 M337</subfield>
    <subfield code="v">pt.1</subfield>
  </datafield>
</record>
</collection>